@article{Manohar:2016nzj,
      author         = "Manohar, Aneesh and Nason, Paolo and Salam, Gavin P. and
                        Zanderighi, Giulia",
      title          = "{How bright is the proton? A precise determination of the
                        photon parton distribution function}",
      journal        = "Phys. Rev. Lett.",
      volume         = "117",
      year           = "2016",
      number         = "24",
      pages          = "242002",
      doi            = "10.1103/PhysRevLett.117.242002",
      eprint         = "1607.04266",
      archivePrefix  = "arXiv",
      primaryClass   = "hep-ph",
      reportNumber   = "CERN-TH-2016-155",
      SLACcitation   = "%%CITATION = ARXIV:1607.04266;%%"
}

@article{Cms:2018het,
      author         = "Sirunyan, Albert M and others",
      title          = "{Observation of proton-tagged, central (semi)exclusive
                        production of high-mass lepton pairs in pp collisions at
                        13 TeV with the CMS-TOTEM precision proton spectrometer}",
      collaboration  = "CMS, TOTEM",
      journal        = "Submitted to: JHEP",
      year           = "2018",
      eprint         = "1803.04496",
      archivePrefix  = "arXiv",
      primaryClass   = "hep-ex",
      reportNumber   = "CMS-PPS-17-001, TOTEM 2018-001, CERN-EP-2018-014,
                        CMS-PPS-17-001, TOTEM-2018-001, CERN-EP-2018-014",
      SLACcitation   = "%%CITATION = ARXIV:1803.04496;%%"
}

@article{Chatrchyan:2012tv,
      author         = "Chatrchyan, Serguei and others",
      title          = "{Search for exclusive or semi-exclusive photon pair
                        production and observation of exclusive and semi-exclusive
                        electron pair production in $pp$ collisions at
                        $\sqrt{s}=7$ TeV}",
      collaboration  = "CMS",
      journal        = "JHEP",
      volume         = "11",
      year           = "2012",
      pages          = "080",
      doi            = "10.1007/JHEP11(2012)080",
      eprint         = "1209.1666",
      archivePrefix  = "arXiv",
      primaryClass   = "hep-ex",
      reportNumber   = "CMS-FWD-11-004, CERN-PH-EP-2012-246",
      SLACcitation   = "%%CITATION = ARXIV:1209.1666;%%"
}

@article{Chatrchyan:2011ci,
      author         = "Chatrchyan, Serguei and others",
      title          = "{Exclusive photon-photon production of muon pairs in
                        proton-proton collisions at $\sqrt{s}=7$ TeV}",
      collaboration  = "CMS",
      journal        = "JHEP",
      volume         = "01",
      year           = "2012",
      pages          = "052",
      doi            = "10.1007/JHEP01(2012)052",
      eprint         = "1111.5536",
      archivePrefix  = "arXiv",
      primaryClass   = "hep-ex",
      reportNumber   = "CERN-PH-EP-2011-187, CMS-FWD-10-005",
      SLACcitation   = "%%CITATION = ARXIV:1111.5536;%%"
}

@article{Aad:2015bwa,
      author         = "Aad, Georges and others",
      title          = "{Measurement of exclusive $\gamma\gamma\rightarrow
                        \ell^+\ell^-$ production in proton-proton collisions at
                        $\sqrt{s} = 7$ TeV with the ATLAS detector}",
      collaboration  = "ATLAS",
      journal        = "Phys. Lett.",
      volume         = "B749",
      year           = "2015",
      pages          = "242-261",
      doi            = "10.1016/j.physletb.2015.07.069",
      eprint         = "1506.07098",
      archivePrefix  = "arXiv",
      primaryClass   = "hep-ex",
      reportNumber   = "CERN-PH-EP-2015-134",
      SLACcitation   = "%%CITATION = ARXIV:1506.07098;%%"
}

@article{Aaboud:2017oiq,
      author         = "Aaboud, Morad and others",
      title          = "{Measurement of the exclusive $\gamma \gamma \rightarrow
                        \mu^+ \mu^-$ process in proton-proton collisions at
                        $\sqrt{s}=13$ TeV with the ATLAS detector}",
      collaboration  = "ATLAS",
      journal        = "Phys. Lett.",
      volume         = "B777",
      year           = "2018",
      pages          = "303-323",
      doi            = "10.1016/j.physletb.2017.12.043",
      eprint         = "1708.04053",
      archivePrefix  = "arXiv",
      primaryClass   = "hep-ex",
      reportNumber   = "CERN-EP-2017-151",
      SLACcitation   = "%%CITATION = ARXIV:1708.04053;%%"
}

@article{Chatrchyan:2008aa,
      author         = "Chatrchyan, S. and others",
      title          = "{The CMS Experiment at the CERN LHC}",
      collaboration  = "CMS",
      journal        = "JINST",
      volume         = "3",
      year           = "2008",
      pages          = "S08004",
      doi            = "10.1088/1748-0221/3/08/S08004",
      SLACcitation   = "%%CITATION = JINST,3,S08004;%%"
}

@article{Aad:2008zzm,
      author         = "Aad, G. and others",
      title          = "{The ATLAS Experiment at the CERN Large Hadron Collider}",
      collaboration  = "ATLAS",
      journal        = "JINST",
      volume         = "3",
      year           = "2008",
      pages          = "S08003",
      doi            = "10.1088/1748-0221/3/08/S08003",
      SLACcitation   = "%%CITATION = JINST,3,S08003;%%"
}

@article{Manohar:2017eqh,
      author         = "Manohar, Aneesh V. and Nason, Paolo and Salam, Gavin P.
                        and Zanderighi, Giulia",
      title          = "{The Photon Content of the Proton}",
      journal        = "JHEP",
      volume         = "12",
      year           = "2017",
      pages          = "046",
      doi            = "10.1007/JHEP12(2017)046",
      eprint         = "1708.01256",
      archivePrefix  = "arXiv",
      primaryClass   = "hep-ph",
      reportNumber   = "CERN-TH-2017-141",
      SLACcitation   = "%%CITATION = ARXIV:1708.01256;%%"
}

@article{Schmidt:2015zda,
      author         = "Schmidt, Carl and Pumplin, Jon and Stump, Daniel and
                        Yuan, C. P.",
      title          = "{CT14QED parton distribution functions from isolated
                        photon production in deep inelastic scattering}",
      journal        = "Phys. Rev.",
      volume         = "D93",
      year           = "2016",
      number         = "11",
      pages          = "114015",
      doi            = "10.1103/PhysRevD.93.114015",
      eprint         = "1509.02905",
      archivePrefix  = "arXiv",
      primaryClass   = "hep-ph",
      SLACcitation   = "%%CITATION = ARXIV:1509.02905;%%"
}

@article{Bertone:2017bme,
      author         = "Bertone, Valerio and Carrazza, Stefano and Hartland,
                        Nathan P. and Rojo, Juan",
      title          = "{Illuminating the photon content of the proton within a
                        global PDF analysis}",
      collaboration  = "NNPDF",
      year           = "2017",
      eprint         = "1712.07053",
      archivePrefix  = "arXiv",
      primaryClass   = "hep-ph",
      reportNumber   = "NIKHEF-2017-064, CERN-TH-2017-235",
      SLACcitation   = "%%CITATION = ARXIV:1712.07053;%%"
}

@article{Klein:2016yzr,
      author         = "Klein, Spencer R. and Nystrand, Joakim and Seger, Janet
                        and Gorbunov, Yuri and Butterworth, Joey",
      title          = "{STARlight: A Monte Carlo simulation program for
                        ultra-peripheral collisions of relativistic ions}",
      journal        = "Comput. Phys. Commun.",
      volume         = "212",
      year           = "2017",
      pages          = "258-268",
      doi            = "10.1016/j.cpc.2016.10.016",
      eprint         = "1607.03838",
      archivePrefix  = "arXiv",
      primaryClass   = "hep-ph",
      SLACcitation   = "%%CITATION = ARXIV:1607.03838;%%"
}


@article{Chatrchyan:2013foa,
      author         = "Chatrchyan, Serguei and others",
      title          = "{Study of exclusive two-photon production of $W^+W^-$ in
                        $pp$ collisions at $\sqrt{s} = 7$ TeV and constraints on
                        anomalous quartic gauge couplings}",
      collaboration  = "CMS Collaboration",
      journal        = "JHEP",
      volume         = "1307",
      pages          = "116",
      doi            = "10.1007/JHEP07(2013)116",
      year           = "2013",
      eprint         = "1305.5596",
      archivePrefix  = "arXiv",
      primaryClass   = "hep-ex",
      reportNumber   = "CMS-FSQ-12-010, CERN-PH-EP-2013-084",
      SLACcitation   = "%%CITATION = ARXIV:1305.5596;%%",
}


@article{Budnev:1974de,
      author         = "Budnev, V. M. and Ginzburg, I. F. and Meledin, G. V. and
                        Serbo, V. G.",
      title          = "{The two photon particle production mechanism. Physical
                        problems. Applications. Equivalent photon approximation}",
      journal        = "Phys. Rept.",
      volume         = "15",
      pages          = "181",
      doi            = "10.1016/0370-1573(75)90009-5",
      year           = "1975",
      SLACcitation   = "%%CITATION = PRPLC,15,181;%%",
}

@article{Drell:1970wh,
      author         = "Drell, S. D. and Yan, Tung-Mow",
      title          = "{Massive Lepton Pair Production in Hadron-Hadron
                        Collisions at High-Energies}",
      journal        = "Phys. Rev. Lett.",
      volume         = "25",
      year           = "1970",
      pages          = "316-320",
      doi            = "10.1103/PhysRevLett.25.316, 10.1103/PhysRevLett.25.902.2",
      note           = "[Erratum: Phys. Rev. Lett.25,902(1970)]",
      reportNumber   = "SLAC-PUB-0755",
      SLACcitation   = "%%CITATION = PRLTA,25,316;%%"
}

@article{ATLAS:2007aa,
      author         = "{ATLAS Collaboration}",
      title          = "{Zero degree calorimeters for ATLAS}",
      collaboration  = "ATLAS",
      year           = "2007",
      reportNumber   = "CERN-LHCC-2007-01",
      SLACcitation   = "%%CITATION = CERN-LHCC-2007-01;%%"
}

@article{Dellacasa:1999ke,
      author         = "Dellacasa, G. and others",
      title          = "{ALICE technical design report of the zero degree
                        calorimeter (ZDC)}",
      collaboration  = "ALICE",
      year           = "1999",
      reportNumber   = "CERN-LHCC-99-05",
      SLACcitation   = "%%CITATION = CERN-LHCC-99-05;%%"
}



